<record><leader>00000cas a22000007a 4500</leader><controlfield tag="001">33206091</controlfield><controlfield tag="008">950927d19121918okuwr n       0    0eng d</controlfield><datafield ind1=" " ind2=" " tag="010"><subfield code="a">sn 95076162 </subfield></datafield><datafield ind1=" " ind2=" " tag="040"><subfield code="a">OBN</subfield><subfield code="b">eng</subfield><subfield code="c">OBN</subfield><subfield code="d">OCLCQ</subfield><subfield code="d">OCLCO</subfield></datafield><datafield ind1="1" ind2=" " tag="029"><subfield code="a">AU@</subfield><subfield code="b">000025855231</subfield></datafield><datafield ind1=" " ind2=" " tag="042"><subfield code="a">msc</subfield></datafield><datafield ind1=" " ind2=" " tag="043"><subfield code="a">n-us-ok</subfield></datafield><datafield ind1="0" ind2=" " tag="130"><subfield code="a">Lincoln County herald (Meeker, Okla.)</subfield></datafield><datafield ind1="1" ind2="0" tag="245"><subfield code="a">Lincoln County herald.</subfield></datafield><datafield ind1=" " ind2=" " tag="260"><subfield code="a">Meeker, Okla. :</subfield><subfield code="b">Herbert C. Brunt</subfield></datafield><datafield ind1=" " ind2=" " tag="300"><subfield code="a">v.</subfield></datafield><datafield ind1=" " ind2=" " tag="310"><subfield code="a">Weekly</subfield></datafield><datafield ind1="0" ind2=" " tag="362"><subfield code="a">Vol. 10, no. 24 (Aug. 23, 1912)-v. 17, no. 26 (Nov. 1, 1918).</subfield></datafield><datafield ind1=" " ind2=" " tag="500"><subfield code="a">Suspended publication until the "war was over."</subfield></datafield><datafield ind1=" " ind2="0" tag="651"><subfield code="a">Meeker (Okla.)</subfield><subfield code="v">Newspapers.</subfield></datafield><datafield ind1=" " ind2="0" tag="651"><subfield code="a">Lincoln County (Okla.)</subfield><subfield code="v">Newspapers.</subfield></datafield><datafield ind1=" " ind2=" " tag="752"><subfield code="a">United States</subfield><subfield code="b">Oklahoma</subfield><subfield code="c">Lincoln</subfield><subfield code="d">Meeker.</subfield></datafield><datafield ind1="0" ind2="0" tag="780"><subfield code="t">Meeker herald (Meeker, Okla. : 1903)</subfield><subfield code="w">(DLC)sn 95076161</subfield><subfield code="w">(OCoLC)33205995</subfield></datafield><datafield ind1="0" ind2="0" tag="785"><subfield code="t">Meeker herald (Meeker, Okla. : 1920)</subfield><subfield code="w">(DLC)sn 95076172</subfield><subfield code="w">(OCoLC)33224869</subfield></datafield></record>